@article{刘建军2013GAP,
  title={GAP在近世代数教学中的应用},
  author={刘建军},
  journal={西南师范大学学报：自然科学版},
  volume={38},
  number={4},
  pages={148-151},
  year={2013},
}