@article{RN98,
   author = {Chiu, Sunben and He, Yuqing and Yuan, Pingzhi},
   title = {The exact upper bound for the sum of reciprocals of least common multiples},
   journal = {Applied Mathematics and Computation},
   volume = {416},
   pages = {126756},
   year = {2022},
   type = {Journal Article},
   keywords = {paper},
   doi = {10.1016/j.amc.2021.126756},
   language = {english}
}

@article{chiu2022mathematical,
  title={The Mathematical Model of Short-Term Forest Fire Spread},
  author={Chiu, Sunben and Li, Ying and Zhao, Jiayi},
  journal={Journal of Applied Mathematics and Physics},
  volume={10},
  number={5},
  pages={1748--1761},
  year={2022},
  publisher={Scientific Research Publishing},
  keywords = {paper},
  doi = {10.4236/jamp.2022.105122},
  language = {english}
}

software{ruanzhu1,
  author = {赵崇斌},
  title = {连续项最小公倍数倒数和的精确上界算法软件},
  number = {08765480},
  date = {Aug. 24, 2021},
  year = {2021},
  month = {8},
  version = {1.0},
  keywords = {software},
  language = {chinese}
}

@patent{ruanzhu2,
  author = {赵崇斌},
  title = {连续项最小公倍数倒数和的精确上界算法软件},
  number = {08765480},
  date = {Aug. 24, 2021},
  year = {2021},
  month = {8},
  version = {1.0},
  keywords = {software},
  language = {chinese}
}